
<marc:record><marc:leader>00911cam a22003258a 4504</marc:leader>
<marc:controlfield tag="001">MDE00030785</marc:controlfield>

<marc:controlfield tag="002">seq00000705</marc:controlfield>

<marc:controlfield tag="003">MDE</marc:controlfield>

<marc:controlfield tag="005">20001213110025.0</marc:controlfield>

<marc:controlfield tag="008">001212t20001999nyu    g      000 1 eng  </marc:controlfield>

<marc:datafield tag="010" ind1=" " ind2=" ">
<marc:subfield code="a">00030785</marc:subfield>
</marc:datafield>

<marc:datafield tag="020" ind1=" " ind2=" ">
<marc:subfield code="a">0743200144</marc:subfield>
</marc:datafield>

<marc:datafield tag="040" ind1=" " ind2=" ">
<marc:subfield code="a">MDE</marc:subfield>
</marc:datafield>

<marc:datafield tag="043" ind1=" " ind2=" ">
<marc:subfield code="a">t------</marc:subfield>
</marc:datafield>

<marc:datafield tag="050" ind1="0" ind2="0">
<marc:subfield code="a">PR6052.A485</marc:subfield>
<marc:subfield code="b">B87 2000</marc:subfield>
</marc:datafield>

<marc:datafield tag="100" ind1="1" ind2=" ">
<marc:subfield code="a">Banks, Iain.</marc:subfield>
</marc:datafield>

<marc:datafield tag="245" ind1="1" ind2="4">
<marc:subfield code="a">The business :</marc:subfield>
<marc:subfield code="b">a novel /</marc:subfield>
<marc:subfield code="c">Iain Banks.</marc:subfield>
</marc:datafield>

<marc:datafield tag="260" ind1=" " ind2=" ">
<marc:subfield code="b">Simon &amp; Schuster,</marc:subfield>
<marc:subfield code="c">c2000.</marc:subfield>
</marc:datafield>

<marc:datafield tag="300" ind1=" " ind2=" ">
<marc:subfield code="a">393 p.;</marc:subfield>
<marc:subfield code="c">25 cm.</marc:subfield>
</marc:datafield>

<marc:datafield tag="650" ind1=" " ind2="0">
<marc:subfield code="a">Suspense fiction.</marc:subfield>
</marc:datafield>

<marc:datafield tag="650" ind1=" " ind2="0">
<marc:subfield code="a">Women executives</marc:subfield>
<marc:subfield code="v">Fiction.</marc:subfield>
</marc:datafield>

<marc:datafield tag="650" ind1=" " ind2="0">
<marc:subfield code="a">International business enterprises</marc:subfield>
<marc:subfield code="x">Employees</marc:subfield>
<marc:subfield code="v">Fiction.</marc:subfield>
</marc:datafield>

<marc:datafield tag="651" ind1=" " ind2="0">
<marc:subfield code="a">Antarctica</marc:subfield>
<marc:subfield code="v">Fiction.</marc:subfield>
</marc:datafield>

<marc:datafield tag="650" ind1=" " ind2="0">
<marc:subfield code="a">International business enterprises</marc:subfield>
<marc:subfield code="v">Fiction.</marc:subfield>
</marc:datafield>

<marc:datafield tag="907" ind1=" " ind2=" ">
<marc:subfield code="a">.b13815222</marc:subfield>
<marc:subfield code="b">md</marc:subfield>
<marc:subfield code="c">-</marc:subfield>
</marc:datafield>

<marc:datafield tag="940" ind1=" " ind2=" ">
<marc:subfield code="l">md</marc:subfield>
</marc:datafield>

<marc:datafield tag="998" ind1=" " ind2=" ">
<marc:subfield code="b">0</marc:subfield>
<marc:subfield code="c">001227</marc:subfield>
<marc:subfield code="d">g</marc:subfield>
<marc:subfield code="e">a</marc:subfield>
<marc:subfield code="f">-</marc:subfield>
<marc:subfield code="g">4</marc:subfield>
</marc:datafield>

<marc:datafield tag="998" ind1=" " ind2=" ">
<marc:subfield code="a">b2000/12/27 b017 cf oc</marc:subfield>
</marc:datafield>

<marc:datafield tag="998" ind1=" " ind2=" ">
<marc:subfield code="b">1</marc:subfield>
<marc:subfield code="c">001213</marc:subfield>
<marc:subfield code="d">g</marc:subfield>
<marc:subfield code="e">a</marc:subfield>
<marc:subfield code="f">-</marc:subfield>
<marc:subfield code="g">4</marc:subfield>
</marc:datafield>

<marc:datafield tag="998" ind1=" " ind2=" ">
<marc:subfield code="a">mde2000/9 es nb</marc:subfield>
</marc:datafield>

</marc:record>