
<marc:record><marc:leader>00507ca  a2200193   4504</marc:leader>
<marc:controlfield tag="002">seq00281509</marc:controlfield>

<marc:controlfield tag="008">911019s1991    nyu           000 1 eng  </marc:controlfield>

<marc:datafield tag="010" ind1=" " ind2=" ">
<marc:subfield code="a">90029107</marc:subfield>
</marc:datafield>

<marc:datafield tag="020" ind1=" " ind2=" ">
<marc:subfield code="a">0385418140</marc:subfield>
</marc:datafield>

<marc:datafield tag="040" ind1=" " ind2=" ">
<marc:subfield code="a">BPL/16</marc:subfield>
</marc:datafield>

<marc:datafield tag="100" ind1="1" ind2=" ">
<marc:subfield code="a">Banks, Iain.</marc:subfield>
</marc:datafield>

<marc:datafield tag="245" ind1="1" ind2="0">
<marc:subfield code="a">Canal dreams/</marc:subfield>
<marc:subfield code="c">by Iain Banks.</marc:subfield>
</marc:datafield>

<marc:datafield tag="260" ind1=" " ind2=" ">
<marc:subfield code="a">New York:</marc:subfield>
<marc:subfield code="b">Doubleday,</marc:subfield>
<marc:subfield code="c">1991.</marc:subfield>
</marc:datafield>

<marc:datafield tag="300" ind1=" " ind2=" ">
<marc:subfield code="a">198 p.;</marc:subfield>
<marc:subfield code="c">22 cm.</marc:subfield>
</marc:datafield>

<marc:datafield tag="650" ind1=" " ind2="0">
<marc:subfield code="a">Terrorism</marc:subfield>
<marc:subfield code="z">Latin America</marc:subfield>
<marc:subfield code="v">Fiction.</marc:subfield>
</marc:datafield>

<marc:datafield tag="650" ind1=" " ind2="0">
<marc:subfield code="a">Hostages</marc:subfield>
<marc:subfield code="v">Fiction.</marc:subfield>
</marc:datafield>

<marc:datafield tag="907" ind1=" " ind2=" ">
<marc:subfield code="a">.b1112989x</marc:subfield>
<marc:subfield code="b">bm</marc:subfield>
<marc:subfield code="c">-</marc:subfield>
</marc:datafield>

<marc:datafield tag="940" ind1=" " ind2=" ">
<marc:subfield code="l">bm</marc:subfield>
</marc:datafield>

<marc:datafield tag="998" ind1=" " ind2=" ">
<marc:subfield code="b">1</marc:subfield>
<marc:subfield code="c">000411</marc:subfield>
<marc:subfield code="d">-</marc:subfield>
<marc:subfield code="e">a</marc:subfield>
<marc:subfield code="f">-</marc:subfield>
<marc:subfield code="g">0</marc:subfield>
</marc:datafield>

</marc:record>