
<marc:record><marc:leader>00519nam a2200205   4504</marc:leader>
<marc:controlfield tag="002">seq00089912</marc:controlfield>

<marc:controlfield tag="008">                                        </marc:controlfield>

<marc:datafield tag="010" ind1=" " ind2=" ">
<marc:subfield code="a">87036718</marc:subfield>
</marc:datafield>

<marc:datafield tag="020" ind1=" " ind2=" ">
<marc:subfield code="a">0312017529</marc:subfield>
</marc:datafield>

<marc:datafield tag="040" ind1=" " ind2=" ">
<marc:subfield code="a">MDE</marc:subfield>
</marc:datafield>

<marc:datafield tag="100" ind1="1" ind2=" ">
<marc:subfield code="a">Banks, Iain.</marc:subfield>
</marc:datafield>

<marc:datafield tag="245" ind1="1" ind2="0">
<marc:subfield code="a">Consider Phlebas/</marc:subfield>
<marc:subfield code="c">Iain M. Banks.</marc:subfield>
</marc:datafield>

<marc:datafield tag="260" ind1=" " ind2=" ">
<marc:subfield code="a"></marc:subfield>
<marc:subfield code="b">St. Martin's Press,</marc:subfield>
<marc:subfield code="c">c1987.</marc:subfield>
</marc:datafield>

<marc:datafield tag="590" ind1=" " ind2=" ">
<marc:subfield code="a">MDE: Science fiction.</marc:subfield>
</marc:datafield>

<marc:datafield tag="650" ind1=" " ind2="0">
<marc:subfield code="a">Science fiction.</marc:subfield>
</marc:datafield>

<marc:datafield tag="907" ind1=" " ind2=" ">
<marc:subfield code="a">.b10813330</marc:subfield>
<marc:subfield code="b">bm</marc:subfield>
<marc:subfield code="c">z</marc:subfield>
</marc:datafield>

<marc:datafield tag="940" ind1=" " ind2=" ">
<marc:subfield code="l">bm</marc:subfield>
</marc:datafield>

<marc:datafield tag="940" ind1=" " ind2=" ">
<marc:subfield code="l">md</marc:subfield>
</marc:datafield>

<marc:datafield tag="998" ind1=" " ind2=" ">
<marc:subfield code="b">3</marc:subfield>
<marc:subfield code="c">000411</marc:subfield>
<marc:subfield code="d">g</marc:subfield>
<marc:subfield code="e">a</marc:subfield>
<marc:subfield code="f">z</marc:subfield>
<marc:subfield code="g">0</marc:subfield>
</marc:datafield>

<marc:datafield tag="998" ind1=" " ind2=" ">
<marc:subfield code="b">1</marc:subfield>
<marc:subfield code="c">000411</marc:subfield>
<marc:subfield code="d">g</marc:subfield>
<marc:subfield code="e">a</marc:subfield>
<marc:subfield code="f">-</marc:subfield>
<marc:subfield code="g">0</marc:subfield>
</marc:datafield>

</marc:record>