
<marc:record><marc:leader>00394ca  a22001573  4504</marc:leader>
<marc:controlfield tag="002">seq00111830</marc:controlfield>

<marc:controlfield tag="008">930925s1993                      1      </marc:controlfield>

<marc:datafield tag="020" ind1=" " ind2=" ">
<marc:subfield code="a">0349103232 (pbk.)</marc:subfield>
</marc:datafield>

<marc:datafield tag="040" ind1=" " ind2=" ">
<marc:subfield code="a"></marc:subfield>
<marc:subfield code="d">BPL/17</marc:subfield>
</marc:datafield>

<marc:datafield tag="100" ind1="1" ind2=" ">
<marc:subfield code="a">Banks, Iain.</marc:subfield>
</marc:datafield>

<marc:datafield tag="245" ind1="1" ind2="4">
<marc:subfield code="a">The crow road:</marc:subfield>
<marc:subfield code="b">[a novel]/</marc:subfield>
<marc:subfield code="c">Iain Banks.</marc:subfield>
</marc:datafield>

<marc:datafield tag="260" ind1=" " ind2=" ">
<marc:subfield code="a"></marc:subfield>
<marc:subfield code="b">Abacus,</marc:subfield>
<marc:subfield code="c">1993.</marc:subfield>
</marc:datafield>

<marc:datafield tag="300" ind1=" " ind2=" ">
<marc:subfield code="a">501 p.</marc:subfield>
</marc:datafield>

<marc:datafield tag="907" ind1=" " ind2=" ">
<marc:subfield code="a">.b11362297</marc:subfield>
<marc:subfield code="b">bm</marc:subfield>
<marc:subfield code="c">-</marc:subfield>
</marc:datafield>

<marc:datafield tag="940" ind1=" " ind2=" ">
<marc:subfield code="l">bm</marc:subfield>
</marc:datafield>

<marc:datafield tag="998" ind1=" " ind2=" ">
<marc:subfield code="b">1</marc:subfield>
<marc:subfield code="c">000411</marc:subfield>
<marc:subfield code="d">-</marc:subfield>
<marc:subfield code="e">a</marc:subfield>
<marc:subfield code="f">-</marc:subfield>
<marc:subfield code="g">4</marc:subfield>
</marc:datafield>

</marc:record>