
<marc:record><marc:leader>00501cam a22001933  4504</marc:leader>
<marc:controlfield tag="002">seq00126415</marc:controlfield>

<marc:controlfield tag="008">970505s1997           g          1 eng  </marc:controlfield>

<marc:datafield tag="010" ind1=" " ind2=" ">
<marc:subfield code="a">96031659</marc:subfield>
</marc:datafield>

<marc:datafield tag="020" ind1=" " ind2=" ">
<marc:subfield code="a">0553374605 (pbk.)</marc:subfield>
</marc:datafield>

<marc:datafield tag="040" ind1=" " ind2=" ">
<marc:subfield code="a"></marc:subfield>
<marc:subfield code="d">BPL/17</marc:subfield>
</marc:datafield>

<marc:datafield tag="100" ind1="1" ind2=" ">
<marc:subfield code="a">Banks, Iain.</marc:subfield>
</marc:datafield>

<marc:datafield tag="245" ind1="1" ind2="0">
<marc:subfield code="a">Excession /</marc:subfield>
<marc:subfield code="c">Iain Banks.</marc:subfield>
</marc:datafield>

<marc:datafield tag="260" ind1=" " ind2=" ">
<marc:subfield code="a"></marc:subfield>
<marc:subfield code="b">Bantam,</marc:subfield>
<marc:subfield code="c">1997.</marc:subfield>
</marc:datafield>

<marc:datafield tag="300" ind1=" " ind2=" ">
<marc:subfield code="a">390 p.</marc:subfield>
</marc:datafield>

<marc:datafield tag="655" ind1=" " ind2="7">
<marc:subfield code="a">Science fiction.</marc:subfield>
<marc:subfield code="2">gsafd.</marc:subfield>
</marc:datafield>

<marc:datafield tag="907" ind1=" " ind2=" ">
<marc:subfield code="a">.b11790404</marc:subfield>
<marc:subfield code="b">bm</marc:subfield>
<marc:subfield code="c">z</marc:subfield>
</marc:datafield>

<marc:datafield tag="940" ind1=" " ind2=" ">
<marc:subfield code="l">bg</marc:subfield>
<marc:subfield code="l">bm</marc:subfield>
<marc:subfield code="l">be</marc:subfield>
</marc:datafield>

<marc:datafield tag="998" ind1=" " ind2=" ">
<marc:subfield code="b">5</marc:subfield>
<marc:subfield code="c">000411</marc:subfield>
<marc:subfield code="d">g</marc:subfield>
<marc:subfield code="e">a</marc:subfield>
<marc:subfield code="f">z</marc:subfield>
<marc:subfield code="g">0</marc:subfield>
</marc:datafield>

<marc:datafield tag="998" ind1="7" ind2="0">
<marc:subfield code="a">071314  05/05/97 08:57:15   646</marc:subfield>
</marc:datafield>

</marc:record>