
<marc:record><marc:leader>00905cam a2200325 a 4504</marc:leader>
<marc:controlfield tag="001">mde95004158 //r95</marc:controlfield>

<marc:controlfield tag="002">seq00120137</marc:controlfield>

<marc:controlfield tag="003">DLC</marc:controlfield>

<marc:controlfield tag="005">1996030768244.6484.0</marc:controlfield>

<marc:controlfield tag="008">950621s1995    nyu    g      000 1 eng  </marc:controlfield>

<marc:datafield tag="010" ind1=" " ind2=" ">
<marc:subfield code="a">95004158 //r95</marc:subfield>
</marc:datafield>

<marc:datafield tag="010" ind1=" " ind2=" ">
<marc:subfield code="a">95004158</marc:subfield>
</marc:datafield>

<marc:datafield tag="020" ind1=" " ind2=" ">
<marc:subfield code="a">0553374591 (pbk.) :</marc:subfield>
<marc:subfield code="c">$19.00</marc:subfield>
</marc:datafield>

<marc:datafield tag="020" ind1=" " ind2=" ">
<marc:subfield code="a">0553374591 (pbk.)</marc:subfield>
</marc:datafield>

<marc:datafield tag="040" ind1=" " ind2=" ">
<marc:subfield code="a">DLC</marc:subfield>
<marc:subfield code="c">DLC</marc:subfield>
<marc:subfield code="d">DLC</marc:subfield>
<marc:subfield code="d">OCoLC</marc:subfield>
<marc:subfield code="d">MDE</marc:subfield>
</marc:datafield>

<marc:datafield tag="050" ind1="0" ind2="0">
<marc:subfield code="a">PR6052.A485</marc:subfield>
<marc:subfield code="b">F44 1995</marc:subfield>
</marc:datafield>

<marc:datafield tag="082" ind1="0" ind2="0">
<marc:subfield code="a">823/.914</marc:subfield>
<marc:subfield code="2">20</marc:subfield>
</marc:datafield>

<marc:datafield tag="100" ind1="1" ind2=" ">
<marc:subfield code="a">Banks, Iain.</marc:subfield>
</marc:datafield>

<marc:datafield tag="245" ind1="1" ind2="0">
<marc:subfield code="a">Feersum endjinn /</marc:subfield>
<marc:subfield code="c">Iain M. Banks.</marc:subfield>
</marc:datafield>

<marc:datafield tag="250" ind1=" " ind2=" ">
<marc:subfield code="a">Bantam trade paperback ed.</marc:subfield>
</marc:datafield>

<marc:datafield tag="260" ind1=" " ind2=" ">
<marc:subfield code="a">New York :</marc:subfield>
<marc:subfield code="b">Bantam Books,</marc:subfield>
<marc:subfield code="c">1995.</marc:subfield>
</marc:datafield>

<marc:datafield tag="300" ind1=" " ind2=" ">
<marc:subfield code="a">311 p. ;</marc:subfield>
<marc:subfield code="c">23 cm.</marc:subfield>
</marc:datafield>

<marc:datafield tag="655" ind1=" " ind2="7">
<marc:subfield code="a">Science fiction.</marc:subfield>
<marc:subfield code="2">gsafd.</marc:subfield>
</marc:datafield>

<marc:datafield tag="907" ind1=" " ind2=" ">
<marc:subfield code="a">.b1157477x</marc:subfield>
<marc:subfield code="b">bm</marc:subfield>
<marc:subfield code="c">z</marc:subfield>
</marc:datafield>

<marc:datafield tag="940" ind1=" " ind2=" ">
<marc:subfield code="l">bg</marc:subfield>
<marc:subfield code="l">bm</marc:subfield>
<marc:subfield code="l">be</marc:subfield>
</marc:datafield>

<marc:datafield tag="940" ind1=" " ind2=" ">
<marc:subfield code="l">mdq</marc:subfield>
</marc:datafield>

<marc:datafield tag="998" ind1=" " ind2=" ">
<marc:subfield code="b">3</marc:subfield>
<marc:subfield code="c">000411</marc:subfield>
<marc:subfield code="d">g</marc:subfield>
<marc:subfield code="e">a</marc:subfield>
<marc:subfield code="f">z</marc:subfield>
<marc:subfield code="g">0</marc:subfield>
</marc:datafield>

<marc:datafield tag="998" ind1="0" ind2="0">
<marc:subfield code="a">99553  07/28/95 10:36:31   646</marc:subfield>
</marc:datafield>

<marc:datafield tag="998" ind1=" " ind2=" ">
<marc:subfield code="b">1</marc:subfield>
<marc:subfield code="c">010927</marc:subfield>
<marc:subfield code="d">g</marc:subfield>
<marc:subfield code="e">a</marc:subfield>
<marc:subfield code="f">-</marc:subfield>
<marc:subfield code="g">0</marc:subfield>
</marc:datafield>

<marc:datafield tag="998" ind1=" " ind2=" ">
<marc:subfield code="a">MDEODC 2001 kk</marc:subfield>
</marc:datafield>

</marc:record>