
<marc:record><marc:leader>00602nam a22002298a 4504</marc:leader>
<marc:controlfield tag="001">mde99051901</marc:controlfield>

<marc:controlfield tag="002">seq00159097</marc:controlfield>

<marc:controlfield tag="005">19991103113551.0</marc:controlfield>

<marc:controlfield tag="008">991012r20001998nyu    g      000 1 eng  </marc:controlfield>

<marc:datafield tag="010" ind1=" " ind2=" ">
<marc:subfield code="a">99051901</marc:subfield>
</marc:datafield>

<marc:datafield tag="020" ind1=" " ind2=" ">
<marc:subfield code="a">0671036688 :</marc:subfield>
<marc:subfield code="c">$23.95</marc:subfield>
</marc:datafield>

<marc:datafield tag="040" ind1=" " ind2=" ">
<marc:subfield code="a">DLC</marc:subfield>
<marc:subfield code="c">DLC</marc:subfield>
<marc:subfield code="d">MDE</marc:subfield>
</marc:datafield>

<marc:datafield tag="050" ind1="0" ind2="0">
<marc:subfield code="a">PR6052.A485</marc:subfield>
<marc:subfield code="b">I58 2000</marc:subfield>
</marc:datafield>

<marc:datafield tag="082" ind1="0" ind2="0">
<marc:subfield code="a">823 /.914</marc:subfield>
<marc:subfield code="2">21</marc:subfield>
</marc:datafield>

<marc:datafield tag="100" ind1="1" ind2=" ">
<marc:subfield code="a">Banks, Iain.</marc:subfield>
</marc:datafield>

<marc:datafield tag="245" ind1="1" ind2="0">
<marc:subfield code="a">Inversions /</marc:subfield>
<marc:subfield code="c">Iain M. Banks.</marc:subfield>
</marc:datafield>

<marc:datafield tag="260" ind1=" " ind2=" ">
<marc:subfield code="a">New York :</marc:subfield>
<marc:subfield code="b">Pocket Books,</marc:subfield>
<marc:subfield code="c">2000.</marc:subfield>
</marc:datafield>

<marc:datafield tag="655" ind1=" " ind2="7">
<marc:subfield code="a">Science fiction.</marc:subfield>
<marc:subfield code="2">gsafd.</marc:subfield>
</marc:datafield>

<marc:datafield tag="907" ind1=" " ind2=" ">
<marc:subfield code="a">.b14345894</marc:subfield>
<marc:subfield code="b">md</marc:subfield>
<marc:subfield code="c">-</marc:subfield>
</marc:datafield>

<marc:datafield tag="940" ind1=" " ind2=" ">
<marc:subfield code="l">md</marc:subfield>
</marc:datafield>

<marc:datafield tag="998" ind1=" " ind2=" ">
<marc:subfield code="b">1</marc:subfield>
<marc:subfield code="c">010927</marc:subfield>
<marc:subfield code="d">g</marc:subfield>
<marc:subfield code="e">a</marc:subfield>
<marc:subfield code="f">-</marc:subfield>
<marc:subfield code="g">0</marc:subfield>
</marc:datafield>

<marc:datafield tag="998" ind1=" " ind2=" ">
<marc:subfield code="a">MDEODC 2001 am</marc:subfield>
</marc:datafield>

</marc:record>