
<marc:record><marc:leader>00467nam a22001813  4504</marc:leader>
<marc:controlfield tag="002">seq00129704</marc:controlfield>

<marc:controlfield tag="008">000510t20001998nyu    g      000 1 eng d</marc:controlfield>

<marc:datafield tag="010" ind1=" " ind2=" ">
<marc:subfield code="a">99051901</marc:subfield>
</marc:datafield>

<marc:datafield tag="020" ind1=" " ind2=" ">
<marc:subfield code="a">0671036688</marc:subfield>
</marc:datafield>

<marc:datafield tag="040" ind1=" " ind2=" ">
<marc:subfield code="d">BPL/19</marc:subfield>
</marc:datafield>

<marc:datafield tag="100" ind1="1" ind2=" ">
<marc:subfield code="a">Banks, Iain.</marc:subfield>
</marc:datafield>

<marc:datafield tag="245" ind1="1" ind2="0">
<marc:subfield code="a">Inversions :</marc:subfield>
<marc:subfield code="b">[a novel] /</marc:subfield>
<marc:subfield code="c">Iain M. Banks.</marc:subfield>
</marc:datafield>

<marc:datafield tag="260" ind1=" " ind2=" ">
<marc:subfield code="b">Pocket Books,</marc:subfield>
<marc:subfield code="c">2000, c1998.</marc:subfield>
</marc:datafield>

<marc:datafield tag="300" ind1=" " ind2=" ">
<marc:subfield code="a">343 p.</marc:subfield>
</marc:datafield>

<marc:datafield tag="655" ind1=" " ind2="7">
<marc:subfield code="a">Science fiction.</marc:subfield>
<marc:subfield code="2">gsafd.</marc:subfield>
</marc:datafield>

<marc:datafield tag="907" ind1=" " ind2=" ">
<marc:subfield code="a">.b13547306</marc:subfield>
<marc:subfield code="b">multi</marc:subfield>
<marc:subfield code="c">-</marc:subfield>
</marc:datafield>

<marc:datafield tag="940" ind1=" " ind2=" ">
<marc:subfield code="l">bg</marc:subfield>
</marc:datafield>

<marc:datafield tag="998" ind1=" " ind2=" ">
<marc:subfield code="b">1</marc:subfield>
<marc:subfield code="c">000510</marc:subfield>
<marc:subfield code="d">g</marc:subfield>
<marc:subfield code="e">a</marc:subfield>
<marc:subfield code="f">-</marc:subfield>
<marc:subfield code="g">0</marc:subfield>
</marc:datafield>

</marc:record>