
<marc:record><marc:leader>00766cam a22002894a 4504</marc:leader>
<marc:controlfield tag="001">BPL2001021833</marc:controlfield>

<marc:controlfield tag="002">seq00157800</marc:controlfield>

<marc:controlfield tag="003">DLC</marc:controlfield>

<marc:controlfield tag="005">20011003090650.0</marc:controlfield>

<marc:controlfield tag="008">010124t20012000nyu    g      000 1 eng d</marc:controlfield>

<marc:datafield tag="010" ind1=" " ind2=" ">
<marc:subfield code="a">2001021833</marc:subfield>
</marc:datafield>

<marc:datafield tag="020" ind1=" " ind2=" ">
<marc:subfield code="a">0743421914</marc:subfield>
</marc:datafield>

<marc:datafield tag="040" ind1=" " ind2=" ">
<marc:subfield code="a">DLC</marc:subfield>
<marc:subfield code="c">DLC</marc:subfield>
<marc:subfield code="d">BPL</marc:subfield>
</marc:datafield>

<marc:datafield tag="050" ind1="0" ind2="0">
<marc:subfield code="a">PR6052.A485</marc:subfield>
<marc:subfield code="b">L66 2001</marc:subfield>
</marc:datafield>

<marc:datafield tag="082" ind1="0" ind2="0">
<marc:subfield code="a">823/.914</marc:subfield>
<marc:subfield code="2">21</marc:subfield>
</marc:datafield>

<marc:datafield tag="100" ind1="1" ind2=" ">
<marc:subfield code="a">Banks, Iain.</marc:subfield>
</marc:datafield>

<marc:datafield tag="245" ind1="1" ind2="0">
<marc:subfield code="a">Look to windward /</marc:subfield>
<marc:subfield code="c">Iain M. Banks.</marc:subfield>
</marc:datafield>

<marc:datafield tag="260" ind1=" " ind2=" ">
<marc:subfield code="a">New York :</marc:subfield>
<marc:subfield code="b">Pocket Books,</marc:subfield>
<marc:subfield code="c">2001, c2000.</marc:subfield>
</marc:datafield>

<marc:datafield tag="300" ind1=" " ind2=" ">
<marc:subfield code="a">x, 369 p.</marc:subfield>
</marc:datafield>

<marc:datafield tag="650" ind1=" " ind2="0">
<marc:subfield code="a">Science fiction.</marc:subfield>
</marc:datafield>

<marc:datafield tag="655" ind1=" " ind2="7">
<marc:subfield code="a">Science fiction.</marc:subfield>
<marc:subfield code="2">gsafd.</marc:subfield>
</marc:datafield>

<marc:datafield tag="907" ind1=" " ind2=" ">
<marc:subfield code="a">.b14387360</marc:subfield>
<marc:subfield code="b">multi</marc:subfield>
<marc:subfield code="c">-</marc:subfield>
</marc:datafield>

<marc:datafield tag="940" ind1=" " ind2=" ">
<marc:subfield code="l">md</marc:subfield>
</marc:datafield>

<marc:datafield tag="998" ind1=" " ind2=" ">
<marc:subfield code="b">1</marc:subfield>
<marc:subfield code="c">010817</marc:subfield>
<marc:subfield code="d">g</marc:subfield>
<marc:subfield code="e">a</marc:subfield>
<marc:subfield code="f">-</marc:subfield>
<marc:subfield code="g">0</marc:subfield>
</marc:datafield>

<marc:datafield tag="998" ind1=" " ind2=" ">
<marc:subfield code="a">mde2001/08 ncs nb</marc:subfield>
</marc:datafield>

<marc:datafield tag="998" ind1=" " ind2=" ">
<marc:subfield code="b">1</marc:subfield>
<marc:subfield code="c">011008</marc:subfield>
<marc:subfield code="d">g</marc:subfield>
<marc:subfield code="e">a</marc:subfield>
<marc:subfield code="f">-</marc:subfield>
<marc:subfield code="g">0</marc:subfield>
</marc:datafield>

<marc:datafield tag="998" ind1=" " ind2=" ">
<marc:subfield code="a">b2001/10/08 b019 cf nb</marc:subfield>
</marc:datafield>

</marc:record>