
<marc:record><marc:leader>00463cam a22001813  4504</marc:leader>
<marc:controlfield tag="002">seq00092728</marc:controlfield>

<marc:controlfield tag="008">890314s1989           g          1      </marc:controlfield>

<marc:datafield tag="010" ind1=" " ind2=" ">
<marc:subfield code="a">89029899</marc:subfield>
</marc:datafield>

<marc:datafield tag="020" ind1=" " ind2=" ">
<marc:subfield code="a">0-312-02630-7</marc:subfield>
</marc:datafield>

<marc:datafield tag="040" ind1=" " ind2=" ">
<marc:subfield code="a">BPL/2</marc:subfield>
</marc:datafield>

<marc:datafield tag="100" ind1="1" ind2=" ">
<marc:subfield code="a">Banks, Iain.</marc:subfield>
</marc:datafield>

<marc:datafield tag="245" ind1="1" ind2="4">
<marc:subfield code="a">The player of games /</marc:subfield>
<marc:subfield code="c">Iain M. Banks.</marc:subfield>
</marc:datafield>

<marc:datafield tag="260" ind1=" " ind2=" ">
<marc:subfield code="b">St. Martin's Press,</marc:subfield>
<marc:subfield code="c">c1989.</marc:subfield>
</marc:datafield>

<marc:datafield tag="300" ind1=" " ind2=" ">
<marc:subfield code="a">309 p.;</marc:subfield>
<marc:subfield code="c">22 cm.</marc:subfield>
</marc:datafield>

<marc:datafield tag="650" ind1=" " ind2="0">
<marc:subfield code="a">Science fiction.</marc:subfield>
</marc:datafield>

<marc:datafield tag="907" ind1=" " ind2=" ">
<marc:subfield code="a">.b10880793</marc:subfield>
<marc:subfield code="b">bm</marc:subfield>
<marc:subfield code="c">z</marc:subfield>
</marc:datafield>

<marc:datafield tag="940" ind1=" " ind2=" ">
<marc:subfield code="l">bm</marc:subfield>
</marc:datafield>

<marc:datafield tag="998" ind1=" " ind2=" ">
<marc:subfield code="b">2</marc:subfield>
<marc:subfield code="c">000411</marc:subfield>
<marc:subfield code="d">g</marc:subfield>
<marc:subfield code="e">a</marc:subfield>
<marc:subfield code="f">z</marc:subfield>
<marc:subfield code="g">4</marc:subfield>
</marc:datafield>

</marc:record>