
<marc:record><marc:leader>00910cam a2200313 a 4504</marc:leader>
<marc:controlfield tag="001">mde98013076</marc:controlfield>

<marc:controlfield tag="002">seq00244917</marc:controlfield>

<marc:controlfield tag="005">19990915152713.0</marc:controlfield>

<marc:controlfield tag="008">980220r19981997nyu    g      000 1 eng  </marc:controlfield>

<marc:datafield tag="010" ind1=" " ind2=" ">
<marc:subfield code="a">98013076</marc:subfield>
</marc:datafield>

<marc:datafield tag="020" ind1=" " ind2=" ">
<marc:subfield code="a">0684853531 :</marc:subfield>
<marc:subfield code="c">$23.00</marc:subfield>
</marc:datafield>

<marc:datafield tag="020" ind1=" " ind2=" ">
<marc:subfield code="a">0684853531</marc:subfield>
</marc:datafield>

<marc:datafield tag="040" ind1=" " ind2=" ">
<marc:subfield code="a">DLC</marc:subfield>
<marc:subfield code="c">DLC</marc:subfield>
<marc:subfield code="d">DLC</marc:subfield>
<marc:subfield code="d">MDE</marc:subfield>
</marc:datafield>

<marc:datafield tag="050" ind1="0" ind2="0">
<marc:subfield code="a">PR6052.A485</marc:subfield>
<marc:subfield code="b">S66 1998b</marc:subfield>
</marc:datafield>

<marc:datafield tag="082" ind1="0" ind2="0">
<marc:subfield code="a">823/.914</marc:subfield>
<marc:subfield code="2">21</marc:subfield>
</marc:datafield>

<marc:datafield tag="100" ind1="1" ind2=" ">
<marc:subfield code="a">Banks, Iain.</marc:subfield>
</marc:datafield>

<marc:datafield tag="245" ind1="1" ind2="2">
<marc:subfield code="a">A song of stone :</marc:subfield>
<marc:subfield code="b">a novel /</marc:subfield>
<marc:subfield code="c">Iain Banks.</marc:subfield>
</marc:datafield>

<marc:datafield tag="260" ind1=" " ind2=" ">
<marc:subfield code="a">New York, NY :</marc:subfield>
<marc:subfield code="b">Simon &amp; Schuster,</marc:subfield>
<marc:subfield code="c">[1998], c1997.</marc:subfield>
</marc:datafield>

<marc:datafield tag="300" ind1=" " ind2=" ">
<marc:subfield code="a">280 p. ;</marc:subfield>
<marc:subfield code="c">25 cm.</marc:subfield>
</marc:datafield>

<marc:datafield tag="650" ind1=" " ind2="0">
<marc:subfield code="a">Imaginary wars and battles</marc:subfield>
<marc:subfield code="v">Fiction.</marc:subfield>
</marc:datafield>

<marc:datafield tag="650" ind1=" " ind2="0">
<marc:subfield code="a">Man-woman relationships</marc:subfield>
<marc:subfield code="v">Fiction.</marc:subfield>
</marc:datafield>

<marc:datafield tag="655" ind1=" " ind2="7">
<marc:subfield code="a">Fantasy fiction.</marc:subfield>
<marc:subfield code="2">gsafd.</marc:subfield>
</marc:datafield>

<marc:datafield tag="650" ind1=" " ind2="0">
<marc:subfield code="a">Fantasy fiction.</marc:subfield>
</marc:datafield>

<marc:datafield tag="907" ind1=" " ind2=" ">
<marc:subfield code="a">.b14280310</marc:subfield>
<marc:subfield code="b">md</marc:subfield>
<marc:subfield code="c">-</marc:subfield>
</marc:datafield>

<marc:datafield tag="940" ind1=" " ind2=" ">
<marc:subfield code="l">md</marc:subfield>
</marc:datafield>

<marc:datafield tag="998" ind1=" " ind2=" ">
<marc:subfield code="b">1</marc:subfield>
<marc:subfield code="c">031210</marc:subfield>
<marc:subfield code="d">g</marc:subfield>
<marc:subfield code="e">a</marc:subfield>
<marc:subfield code="f">-</marc:subfield>
<marc:subfield code="g">2</marc:subfield>
</marc:datafield>

<marc:datafield tag="998" ind1=" " ind2=" ">
<marc:subfield code="a">b2003/12/10 b003 cf nb</marc:subfield>
</marc:datafield>

<marc:datafield tag="998" ind1=" " ind2=" ">
<marc:subfield code="b">1</marc:subfield>
<marc:subfield code="c">010913</marc:subfield>
<marc:subfield code="d">g</marc:subfield>
<marc:subfield code="e">a</marc:subfield>
<marc:subfield code="f">-</marc:subfield>
<marc:subfield code="g">2</marc:subfield>
</marc:datafield>

<marc:datafield tag="998" ind1=" " ind2=" ">
<marc:subfield code="a">MDEODC 2001 dj</marc:subfield>
</marc:datafield>

</marc:record>