
<marc:record><marc:leader>00384nam a2200157   4504</marc:leader>
<marc:controlfield tag="002">seq00265605</marc:controlfield>

<marc:controlfield tag="008">                                        </marc:controlfield>

<marc:datafield tag="010" ind1=" " ind2=" ">
<marc:subfield code="a">85021982</marc:subfield>
</marc:datafield>

<marc:datafield tag="020" ind1=" " ind2=" ">
<marc:subfield code="a">0-395-40048-1</marc:subfield>
</marc:datafield>

<marc:datafield tag="040" ind1=" " ind2=" ">
<marc:subfield code="a">BPL/4</marc:subfield>
</marc:datafield>

<marc:datafield tag="100" ind1="1" ind2=" ">
<marc:subfield code="a">Banks, Iain.</marc:subfield>
</marc:datafield>

<marc:datafield tag="245" ind1="1" ind2="0">
<marc:subfield code="a">Walking on glass.</marc:subfield>
</marc:datafield>

<marc:datafield tag="260" ind1=" " ind2=" ">
<marc:subfield code="a"></marc:subfield>
<marc:subfield code="b">Houghton Mifflin,</marc:subfield>
<marc:subfield code="c">1986, c1985.</marc:subfield>
</marc:datafield>

<marc:datafield tag="907" ind1=" " ind2=" ">
<marc:subfield code="a">.b10658658</marc:subfield>
<marc:subfield code="b">bm</marc:subfield>
<marc:subfield code="c">-</marc:subfield>
</marc:datafield>

<marc:datafield tag="940" ind1=" " ind2=" ">
<marc:subfield code="l">bm</marc:subfield>
</marc:datafield>

<marc:datafield tag="998" ind1=" " ind2=" ">
<marc:subfield code="b">2</marc:subfield>
<marc:subfield code="c">000411</marc:subfield>
<marc:subfield code="d">-</marc:subfield>
<marc:subfield code="e">a</marc:subfield>
<marc:subfield code="f">-</marc:subfield>
<marc:subfield code="g">0</marc:subfield>
</marc:datafield>

</marc:record>