
<marc:record><marc:leader>01034nam a22003254a 45  </marc:leader>
<marc:controlfield tag="001">FLC98008355 </marc:controlfield>

<marc:controlfield tag="003">DLC</marc:controlfield>

<marc:controlfield tag="005">20040511131233.0</marc:controlfield>

<marc:controlfield tag="008">980527r19981984nyu    g      000 1 eng  </marc:controlfield>

<marc:datafield tag="010" ind1=" " ind2=" ">
<marc:subfield code="a">98008355</marc:subfield>
</marc:datafield>

<marc:datafield tag="020" ind1=" " ind2=" ">
<marc:subfield code="a">0684853159 (pbk.)</marc:subfield>
</marc:datafield>

<marc:datafield tag="040" ind1=" " ind2=" ">
<marc:subfield code="a">DLC</marc:subfield>
<marc:subfield code="c">DLC</marc:subfield>
<marc:subfield code="d">DLC</marc:subfield>
<marc:subfield code="d">CoBoFLC</marc:subfield>
</marc:datafield>

<marc:datafield tag="043" ind1=" " ind2=" ">
<marc:subfield code="a">e-uk-st</marc:subfield>
</marc:datafield>

<marc:datafield tag="050" ind1="0" ind2="0">
<marc:subfield code="a">PR6052.A485</marc:subfield>
<marc:subfield code="b">W3 1998b</marc:subfield>
</marc:datafield>

<marc:datafield tag="082" ind1="0" ind2="0">
<marc:subfield code="a">823/.914</marc:subfield>
<marc:subfield code="2">21</marc:subfield>
</marc:datafield>

<marc:datafield tag="100" ind1="1" ind2=" ">
<marc:subfield code="a">Banks, Iain,</marc:subfield>
<marc:subfield code="d">1954-</marc:subfield>
</marc:datafield>

<marc:datafield tag="245" ind1="1" ind2="4">
<marc:subfield code="a">The wasp factory :</marc:subfield>
<marc:subfield code="b">a novel /</marc:subfield>
<marc:subfield code="c">Iain Banks.</marc:subfield>
</marc:datafield>

<marc:datafield tag="250" ind1=" " ind2=" ">
<marc:subfield code="a">1st Scribner Paperback Fiction ed. 1998.</marc:subfield>
</marc:datafield>

<marc:datafield tag="260" ind1=" " ind2=" ">
<marc:subfield code="a">New York, NY :</marc:subfield>
<marc:subfield code="b">Scribner Paperback Fiction,</marc:subfield>
<marc:subfield code="c">1998.</marc:subfield>
</marc:datafield>

<marc:datafield tag="300" ind1=" " ind2=" ">
<marc:subfield code="a">184 p. ;</marc:subfield>
<marc:subfield code="c">21 cm.</marc:subfield>
</marc:datafield>

<marc:datafield tag="650" ind1=" " ind2="0">
<marc:subfield code="a">Fathers and sons</marc:subfield>
<marc:subfield code="v">Fiction.</marc:subfield>
</marc:datafield>

<marc:datafield tag="650" ind1=" " ind2="0">
<marc:subfield code="a">Serial murders</marc:subfield>
<marc:subfield code="v">Fiction.</marc:subfield>
</marc:datafield>

<marc:datafield tag="650" ind1=" " ind2="0">
<marc:subfield code="a">Teenage boys</marc:subfield>
<marc:subfield code="v">Fiction.</marc:subfield>
</marc:datafield>

<marc:datafield tag="650" ind1=" " ind2="0">
<marc:subfield code="a">Psychopaths</marc:subfield>
<marc:subfield code="v">Fiction.</marc:subfield>
</marc:datafield>

<marc:datafield tag="650" ind1=" " ind2="0">
<marc:subfield code="a">Murderers</marc:subfield>
<marc:subfield code="v">Fiction.</marc:subfield>
</marc:datafield>

<marc:datafield tag="651" ind1=" " ind2="0">
<marc:subfield code="a">Scotland</marc:subfield>
<marc:subfield code="v">Fiction.</marc:subfield>
</marc:datafield>

<marc:datafield tag="655" ind1=" " ind2="0">
<marc:subfield code="a">Psychological fiction.</marc:subfield>
</marc:datafield>

<marc:datafield tag="856" ind1="4" ind2="2">
<marc:subfield code="z">Publisher description</marc:subfield>
<marc:subfield code="u">http://www.loc.gov/catdir/description/simon033/98008355.html</marc:subfield>
</marc:datafield>

<marc:datafield tag="907" ind1=" " ind2=" ">
<marc:subfield code="a">.b15715061</marc:subfield>
<marc:subfield code="b">bm</marc:subfield>
<marc:subfield code="c">-</marc:subfield>
</marc:datafield>

<marc:datafield tag="998" ind1=" " ind2=" ">
<marc:subfield code="a">b2004/07/02 b003 cf nb</marc:subfield>
</marc:datafield>

</marc:record>
</marc:collection>
                                                                                                                                                                                                                                                                                                                                                                                                                                                                                                                                                                                                                                                                                                                                                                                                                                                                                                                                                                                                                                                                                                                                                                                                                                                                                                                                                                                                                                                                                                                                                                                                                                                                                                                                                                                                                                                                                                                                                                                                                                                                                                                                                                                                                                                                                                                                                                                                                                                                                                                                                                                                                                                                                                                                                                                                                                                                                                                                                                                                                                                                                                                                                                                                                                                                                                                                                                                                                                                                                                                                                                                                                                                                                                                                                                                                                                                                                                                                                                                                                                                                                                                                                                                                                                                                                                                                                                                                                                                                                                                                                                                                                                                                                                                                                                                                                                                                                                                                                                                                                                                                                                                                                                                                                                                                                                                                                                                                                                                                                                                                                                                                                                                                                                                                                                                                                                                                                                                                                                                                                                                                                                                                                                                                                                                                                                                                                                                                                                                                                                                                                                                                                                                                                                                                                                                                                                                                                                                                                                                                                                                                                                                                                                                                                                                                                                                                                                                                                                                                                                                                                                                                                                                                                                                                                                                                                                                                                                                                                                                                                                                                                                                                                                                                                                                                                                                                                                                                                                                                                                                                                                                                                                                                                                                                                                                                                                                                                                                                                                                                                                                                                                                                                                                                                                                                                                                                                                                                                                                                                                                                                                                                                                                                                                                                                                                                                                                                                                                                                                                                                                                                                                                                                                                                                                                                                                                                                                                                                                                                                                                                                                                                                                                                                                                                                                                                                                                                                                                                                                                                                                                                                                                                                                                                                                                                                                                                                                                                                                                                                                                                                                                                                                                                                                                                                                                                                                                                                                                                                                                                                                                                                                                                                                                                                                                                                                                                                                                                                                                                                                                                                                                                                                                                                                                                                                                                                                                                                                                                                                                                                                                                                                                                                                                                                                                                                                                                                                                                                                                                                                                                                                                                                                                                                                                                                                                                                                                                                                                                                                                                                                                                                                                                                                                                                                                                                                                                                                                                                                                                                                                                                                                                                                                                                                                                                                                                                                                                                                                                                                                                                                                                                                                                                                                                                                                                                                                                                                                                                                                                                                                                                                                                                                                                                                                                                                                                                                                                                                                                                                                                                                                                                                                                                                                                                                                                                                                                                                                                                                                                                                                                                                                                                                                                                                                                                                                                                                                                                                                                                                                                                                             